<record><leader>00000cas a22000007a 4500</leader><controlfield tag="001">22480559</controlfield><controlfield tag="008">901009d19201921mnuwr ne      0    0eng d</controlfield><datafield ind1=" " ind2=" " tag="010"><subfield code="a">sn 90059700 </subfield></datafield><datafield ind1=" " ind2=" " tag="040"><subfield code="a">MN#</subfield><subfield code="b">eng</subfield><subfield code="c">MN#</subfield><subfield code="d">OCLCQ</subfield><subfield code="d">OCLCO</subfield></datafield><datafield ind1="1" ind2=" " tag="029"><subfield code="a">AU@</subfield><subfield code="b">000025890710</subfield></datafield><datafield ind1=" " ind2=" " tag="042"><subfield code="a">msc</subfield></datafield><datafield ind1=" " ind2=" " tag="043"><subfield code="a">n-us-mn</subfield></datafield><datafield ind1=" " ind2=" " tag="052"><subfield code="a">4144</subfield><subfield code="b">M5</subfield></datafield><datafield ind1="0" ind2="0" tag="245"><subfield code="a">Hennepin County Legionnaire.</subfield></datafield><datafield ind1=" " ind2=" " tag="260"><subfield code="a">Minneapolis, Minn. :</subfield><subfield code="b">American Legion posts of Hennepin County,</subfield><subfield code="c">1920-1921.</subfield></datafield><datafield ind1=" " ind2=" " tag="300"><subfield code="a">1 v.</subfield></datafield><datafield ind1=" " ind2=" " tag="310"><subfield code="a">Weekly</subfield></datafield><datafield ind1="0" ind2=" " tag="362"><subfield code="a">Vol. 1, no. 1 (Sept. 23, 1920)-v. 1, no. 50 (Sept. 1, 1921).</subfield></datafield><datafield ind1=" " ind2=" " tag="500"><subfield code="a">"Official organ f the American Legion posts of Hennepin County, Minnesota."</subfield></datafield><datafield ind1=" " ind2=" " tag="530"><subfield code="a">Available on microfilm from the Minnesota Historical Society.</subfield></datafield><datafield ind1="2" ind2="0" tag="610"><subfield code="a">American Legion</subfield><subfield code="v">Periodicals.</subfield></datafield><datafield ind1=" " ind2="0" tag="650"><subfield code="a">Veterans</subfield><subfield code="z">Minnesota</subfield><subfield code="z">Hennepin County</subfield><subfield code="x">Peridocicals.</subfield></datafield><datafield ind1="0" ind2="0" tag="785"><subfield code="t">American Legionnaire</subfield><subfield code="w">(DLC)sn 90060988</subfield></datafield></record>